---
#layout: default
categories: test
---
<!-- excerpt-start -->
*a .bibtex (or .bib) formatted file example*
<!-- excerpt-end -->

References
==========

@book{ruby,
  title     = {The Ruby Programming Language},
  author    = {Flanagan, David and Matsumoto, Yukihiro},
  year      = {2008},
  publisher = {O'Reilly Media}
}